<record><leader>00000cas a22000007a 4500</leader><controlfield tag="001">24330781</controlfield><controlfield tag="008">910904c19919999cauwr ne      0   a0eng c</controlfield><datafield ind1=" " ind2=" " tag="010"><subfield code="a">sn 91004481 </subfield></datafield><datafield ind1=" " ind2=" " tag="040"><subfield code="a">NSD</subfield><subfield code="b">eng</subfield><subfield code="c">NSD</subfield><subfield code="d">OCL</subfield><subfield code="d">CNK</subfield><subfield code="d">OCLCQ</subfield><subfield code="d">OCLCF</subfield></datafield><datafield ind1=" " ind2=" " tag="012"><subfield code="m">y</subfield></datafield><datafield ind1="1" ind2=" " tag="022"><subfield code="a">1058-5737</subfield><subfield code="l">1058-5737</subfield><subfield code="y">0745-6220</subfield><subfield code="2">1</subfield></datafield><datafield ind1="1" ind2=" " tag="029"><subfield code="a">AU@</subfield><subfield code="b">000025871035</subfield></datafield><datafield ind1=" " ind2=" " tag="032"><subfield code="a">137780</subfield><subfield code="b">USPS</subfield></datafield><datafield ind1=" " ind2=" " tag="037"><subfield code="b">Desert Community Newspapers, 607 Forest Shade Road, Crestline, CA 92325</subfield></datafield><datafield ind1=" " ind2=" " tag="042"><subfield code="a">nsdp</subfield><subfield code="a">pcc</subfield></datafield><datafield ind1=" " ind2=" " tag="043"><subfield code="a">n-us-ca</subfield></datafield><datafield ind1=" " ind2="0" tag="222"><subfield code="a">Crestline courier-news</subfield></datafield><datafield ind1="0" ind2="0" tag="245"><subfield code="a">Crestline courier-news.</subfield></datafield><datafield ind1=" " ind2=" " tag="260"><subfield code="a">Crestline, CA :</subfield><subfield code="b">Desert Community Newspapers</subfield></datafield><datafield ind1=" " ind2=" " tag="310"><subfield code="a">Weekly</subfield></datafield><datafield ind1="1" ind2=" " tag="362"><subfield code="a">Began in 1991.</subfield></datafield><datafield ind1=" " ind2=" " tag="588"><subfield code="a">Description based on: Vol. 66, no. 30 (Aug. 1, 1991).</subfield></datafield><datafield ind1=" " ind2="0" tag="651"><subfield code="a">San Bernardino Mountains Region (Calif.)</subfield><subfield code="v">Newspapers.</subfield></datafield><datafield ind1=" " ind2="7" tag="655"><subfield code="a">Newspapers.</subfield><subfield code="2">fast</subfield><subfield code="0">(OCoLC)fst01423814</subfield></datafield><datafield ind1=" " ind2="7" tag="651"><subfield code="a">California</subfield><subfield code="z">San Bernardino Mountains Region.</subfield><subfield code="2">fast</subfield><subfield code="0">(OCoLC)fst01342933</subfield></datafield><datafield ind1=" " ind2=" " tag="752"><subfield code="a">United States</subfield><subfield code="b">California</subfield><subfield code="c">San Bernardino</subfield><subfield code="d">Crestline.</subfield></datafield><datafield ind1="0" ind2="0" tag="780"><subfield code="t">Mountain courier-news</subfield><subfield code="x">0745-6220</subfield><subfield code="w">(DLC)sn 83000519</subfield></datafield></record>